<collection xmlns="http://www.loc.gov/MARC21/slim">
<record>
  <leader>02906nam0a22004451i 450 </leader>
  <controlfield tag="001">IT\ICCU\CNCE\031497</controlfield>
  <controlfield tag="005">20200108000000.0</controlfield>
  <datafield tag="012" ind1=" " ind2=" ">
    <subfield code="a">S.a. dina cora ueme (3) 1524 (A)</subfield>
    <subfield code="2">fei</subfield>
  </datafield>
  <datafield tag="100" ind1=" " ind2=" ">
    <subfield code="a">19971204d1524        0itac0103    ba</subfield>
  </datafield>
  <datafield tag="101" ind1=" " ind2=" ">
    <subfield code="a">ITA</subfield>
  </datafield>
  <datafield tag="102" ind1=" " ind2=" ">
    <subfield code="a">IT</subfield>
  </datafield>
  <datafield tag="200" ind1="1" ind2=" ">
    <subfield code="a">Vita miracolosa della seraphica s. Catherina da Siena. Composta in latino dal beato frate Raymondo da Capua gia maestro generale del Ordine de predicatori. Et tradotta in lingua uulgare dal reuerendo padre frate Ambrosio Catherino da Siena del medesimo ordine. Con agiunta di lcune \!! cose pertinenti al presente stato dela \!! Chiesa, notabili, &amp; utili ad ogni fedele christiano. Nuouamente in questa seconda impressione agionta, corretta, &amp; emendata dal prefato frate Ambrosio &amp; hystoriata con le sue figure. Con una canzone bellissima in laude dessa \!! Santa composta per messer Fortunato de Vecchi cittadino senese ...</subfield>
  </datafield>
  <datafield tag="210" ind1=" " ind2=" ">
    <subfield code="e">Stampata nella magnifica citta di Siena: per Simione di Niccolo</subfield>
    <subfield code="g">ad istantia di Iacomo Antonio Cataneo libraro senese</subfield>
    <subfield code="h">adi 1 setembre 1524</subfield>
  </datafield>
  <datafield tag="215" ind1=" " ind2=" ">
    <subfield code="a">\6!, 115, \5! c.</subfield>
    <subfield code="c">ill.</subfield>
    <subfield code="d">4ʻ</subfield>
  </datafield>
  <datafield tag="620" ind1=" " ind2=" ">
    <subfield code="a">IT</subfield>
    <subfield code="d">Siena</subfield>
  </datafield>
  <datafield tag="700" ind1=" " ind2="0">
    <subfield code="a">Raimondo</subfield>
    <subfield code="c"> : da#Capua</subfield>
    <subfield code="3">IT\ICCU\CNCA\007456</subfield>
  </datafield>
  <datafield tag="702" ind1=" " ind2="1">
    <subfield code="a">Vecchi,</subfield>
    <subfield code="b">Fortunato : de</subfield>
    <subfield code="3">IT\ICCU\CNCA\023046</subfield>
  </datafield>
  <datafield tag="702" ind1=" " ind2="1">
    <subfield code="a">Politi,</subfield>
    <subfield code="b">Lancellotto</subfield>
    <subfield code="3">IT\ICCU\CNCA\006557</subfield>
  </datafield>
  <datafield tag="712" ind1="0" ind2="0">
    <subfield code="a">Nardi, Simone</subfield>
    <subfield code="3">IT\ICCU\CNCT\000795</subfield>
    <subfield code="4">650</subfield>
  </datafield>
  <datafield tag="712" ind1="0" ind2="0">
    <subfield code="a">Cataneo, Giacomo Antonio</subfield>
    <subfield code="3">IT\ICCU\CNCT\002653</subfield>
    <subfield code="4">650</subfield>
  </datafield>
  <datafield tag="790" ind1=" " ind2="0">
    <subfield code="a">Raimundus</subfield>
    <subfield code="c"> : de Vineis</subfield>
    <subfield code="3">IT\ICCU\CNCA\018277</subfield>
    <subfield code="z">Raimondo : da#Capua</subfield>
  </datafield>
  <datafield tag="790" ind1=" " ind2="0">
    <subfield code="a">Raimundus</subfield>
    <subfield code="c"> : de#Capua</subfield>
    <subfield code="3">IT\ICCU\CNCA\023399</subfield>
    <subfield code="z">Raimondo : da#Capua</subfield>
  </datafield>
  <datafield tag="790" ind1=" " ind2="1">
    <subfield code="a">Capua,</subfield>
    <subfield code="b">Raimundus : de</subfield>
    <subfield code="3">IT\ICCU\CNCA\023400</subfield>
    <subfield code="z">Raimondo : da#Capua</subfield>
  </datafield>
  <datafield tag="790" ind1=" " ind2="1">
    <subfield code="a">De_Vecchi,</subfield>
    <subfield code="b">Fortunato</subfield>
    <subfield code="3">IT\ICCU\CNCA\026000</subfield>
    <subfield code="z">Vecchi, Fortunato : de</subfield>
  </datafield>
  <datafield tag="790" ind1=" " ind2="1">
    <subfield code="a">Politi,</subfield>
    <subfield code="b">Ambrogio Catarino</subfield>
    <subfield code="3">IT\ICCU\CNCA\007207</subfield>
    <subfield code="z">Politi, Lancellotto</subfield>
  </datafield>
  <datafield tag="790" ind1=" " ind2="1">
    <subfield code="a">Catarino,</subfield>
    <subfield code="b">Ambrogio</subfield>
    <subfield code="3">IT\ICCU\CNCA\007928</subfield>
    <subfield code="z">Politi, Lancellotto</subfield>
  </datafield>
  <datafield tag="790" ind1=" " ind2="0">
    <subfield code="a">Ambrosio Catarino</subfield>
    <subfield code="c"> : da#Siena</subfield>
    <subfield code="3">IT\ICCU\CNCA\018056</subfield>
    <subfield code="z">Politi, Lancellotto</subfield>
  </datafield>
  <datafield tag="791" ind1="0" ind2="2">
    <subfield code="a">Simeon Rubeus</subfield>
    <subfield code="3">IT\ICCU\CNCT\002405</subfield>
    <subfield code="z">Nardi, Simone</subfield>
  </datafield>
  <datafield tag="791" ind1="0" ind2="2">
    <subfield code="a">Simeon Nicolai</subfield>
    <subfield code="3">IT\ICCU\CNCT\002406</subfield>
    <subfield code="z">Nardi, Simone</subfield>
  </datafield>
  <datafield tag="791" ind1="0" ind2="2">
    <subfield code="a">Symione di Niccholo cartolaio</subfield>
    <subfield code="3">IT\ICCU\CNCT\002407</subfield>
    <subfield code="z">Nardi, Simone</subfield>
  </datafield>
  <datafield tag="791" ind1="0" ind2="2">
    <subfield code="a">Simione di Niccolo</subfield>
    <subfield code="3">IT\ICCU\CNCT\005103</subfield>
    <subfield code="z">Nardi, Simone</subfield>
  </datafield>
  <datafield tag="791" ind1="0" ind2="0">
    <subfield code="a">Cataneo, Iacomo Antonio</subfield>
    <subfield code="3">IT\ICCU\CNCT\004548</subfield>
    <subfield code="z">Cataneo, Giacomo Antonio</subfield>
  </datafield>
  <datafield tag="801" ind1=" " ind2="3">
    <subfield code="a">IT</subfield>
    <subfield code="b">ICCU</subfield>
    <subfield code="c">20201114</subfield>
  </datafield>
  <datafield tag="899" ind1=" " ind2=" ">
    <subfield code="a">Biblioteca comunale Francesco Cini. Osimo</subfield>
    <subfield code="1">AN0054</subfield>
    <subfield code="2">URB B2</subfield>
  </datafield>
  <datafield tag="899" ind1=" " ind2=" ">
    <subfield code="a">Biblioteca comunale Chelliana. Grosseto</subfield>
    <subfield code="1">GR0012</subfield>
    <subfield code="2">RT1 FA</subfield>
  </datafield>
  <datafield tag="899" ind1=" " ind2=" ">
    <subfield code="a">Biblioteca comunale Augusta. Perugia</subfield>
    <subfield code="z">MUTILO</subfield>
    <subfield code="1">PG0109</subfield>
    <subfield code="2">UM1 01</subfield>
  </datafield>
  <datafield tag="899" ind1=" " ind2=" ">
    <subfield code="a">Biblioteca Guarnacci. Volterra</subfield>
    <subfield code="1">PI0176</subfield>
    <subfield code="2">RT1 QV</subfield>
  </datafield>
  <datafield tag="899" ind1=" " ind2=" ">
    <subfield code="a">Biblioteca Casanatense. Roma</subfield>
    <subfield code="1">RM0313</subfield>
    <subfield code="2">RML 07</subfield>
  </datafield>
  <datafield tag="899" ind1=" " ind2=" ">
    <subfield code="a">Biblioteca dell&apos;Accademia nazionale dei Lincei e Corsiniana. Roma</subfield>
    <subfield code="1">RM0418</subfield>
    <subfield code="2">RML 10</subfield>
  </datafield>
  <datafield tag="899" ind1=" " ind2=" ">
    <subfield code="a">Biblioteca comunale degli Intronati. Siena</subfield>
    <subfield code="1">SI0046</subfield>
    <subfield code="2">RT1 QI</subfield>
  </datafield>
</record>
</collection>
